 @misc{söder, title={Disease Spreading Simulations}, url={https://github.com/henriksoder24
 /SI1336
 -Simulations-Modelling}, journal={Disease Spreading Simulations}, publisher={Github}, author={Söder, Henrik}, year={2019}, month={Feb}} 

@electronic{Scb,
 title = {Population statistics},
 url = {http://www.scb.se/be0101-en},
 urldate = {27.11.2020},
 originalyear = {19.08.2020}
 }
 @article{atkeson, title={Estimating and Forecasting Disease Scenarios for COVID-19 with an SIR Model}, DOI={10.3386/w27335}, author={Atkeson, Andrew and Kopecky, Karen and Zha, Tao}, year={2020}} 

 @article{sanche, title={High Contagiousness and Rapid Spread of Severe Acute Respiratory Syndrome Coronavirus 2}, volume={26}, DOI={10.3201/eid2607.200282}, number={7}, journal={Emerging Infectious Diseases}, author={Sanche, Steven and Lin, Yen Ting and Xu, Chonggang and Romero-Severson, Ethan and Hengartner, Nick and Ke, Ruian}, year={2020}, pages={1470–1477}} 
 
@misc{gill, title={How computer modelling has been used during the coronavirus (COVID-19) outbreak to inform political decisions}, url={https://www.mewburn.com/news-insights/how-computer-modelling-has-been-used-during-the-covid-19-outbreak-to-inform-political-decisions}, journal={Mewburn Ellis: Intellectual Property Specialists}, author={Gill, Stephen}}
  
@misc{smith_moore, title={The SIR Model for Spread of Disease - Introduction}, url={https://www.maa.org/press/periodicals/loci/joma/the-sir-model-for-spread-of-
disease-introduction}, journal={The SIR Model for Spread of Disease - Introduction | Mathematical Association of America}, publisher={Mathematical Association of America}, author={Smith, David and Moore, Lang}} 
  
@misc{ashraf, title={Extending the Basic SIR Model}, url={https://towardsdatascience.com/extending-the-basic-sir-model-b6b32b833d76}, journal={Medium}, publisher={Towards Data Science}, author={Ashraf, Najma}, year={2020}, month={Jul}} 
   
@inbook{levin, place={Berlin}, title={119–144}, booktitle={Applied mathematical ecology}, publisher={Springer-Verlag}, author={Levin, Simon A. and Hallam, T. G. and Gross, Louis J.}, year={1989}} 
    
@misc{scipy, title={scipy.integrate.LSODA¶}, url={https://docs.scipy.org/doc/scipy/reference/generated/scipy.integrate.LSODA.html}, journal={scipy.integrate.LSODA - SciPy v1.5.4 Reference Guide}} 

 @article{chowell, title={Model Parameters and Outbreak Control for SARS}, volume={10}, DOI={10.3201/eid1007.030647}, number={7}, journal={Emerging Infectious Diseases}, author={Chowell, Gerardo and Castillo-Chavez, Carlos and Fenimore, Paul W. and Kribs-Zaleta, Christopher M. and Arriola, Leon and Hyman, James M.}, year={2004}, pages={1258–1263}} 